@article{rajan:19,
	author={S. {Rajan} and P. {Chenniappan} and S. {Devaraj} and N. {Madian}},
	journal={IET Image Processing},
	title={Facial expression recognition techniques: a comprehensive survey},
	year={2019},
	volume={13},
	number={7},
	pages={1031-1040},
},

@article{lecun:2015,
	title = {Deep learning},
	volume = {521},
	issn = {0028-0836, 1476-4687},
	url = {http://www.nature.com/articles/nature14539},
	doi = {10.1038/nature14539},
	language = {en},
	number = {7553},
	urldate = {2020-03-22},
	journal = {Nature},
	author = {LeCun, Yann and Bengio, Yoshua and Hinton, Geoffrey},
	month = may,
	year = {2015},
	pages = {436--444}
},

@INPROCEEDINGS{ozcan:2019, 
	author={T. {Özcan} and A. {Baştürk}},
	booktitle={2019 27th Signal Processing and Communications Applications Conference (SIU)},
	title={Static Image-Based Emotion Recognition Using Convolutional Neural Network},
	year={2019},
	volume={},
	number={},
	pages={1-4}
},

@incollection{sahla:2016,
	address = {Cham},
	title = {Classroom {Teaching} {Assessment} {Based} on {Student} {Emotions}},
	volume = {530},
	isbn = {978-3-319-47951-4 978-3-319-47952-1},
	url = {http://link.springer.com/10.1007/978-3-319-47952-1_37},
	urldate = {2020-03-24},
	booktitle = {Intelligent {Systems} {Technologies} and {Applications} 2016},
	publisher = {Springer International Publishing},
	author = {Sahla, K. S. and Senthil Kumar, T.},
	editor = {Corchado Rodriguez, Juan Manuel and Mitra, Sushmita and Thampi, Sabu M. and El-Alfy, El-Sayed},
	year = {2016},
	doi = {10.1007/978-3-319-47952-1_37},
	note = {Series Title: Advances in Intelligent Systems and Computing},
	pages = {475--486}
},

@incollection{cruz:2019,
	address = {UFAM},
	title = {Uma Abordagem para Reconhecimento de Emoção por Expressão Facial baseada
em Redes Neurais de Convolução},
	url = {https://tede.ufam.edu.br/bitstream/tede/7320/5/Disserta%C3%A7%C3%A3o_AndersonCruz_PPGI.pdf},
	urldate = {2020-03-24},
	author = { da Cruz, Anderson Araújo},
		booktitle = {Uma Abordagem para Reconhecimento de Emoção por Expressão Facial baseada
em Redes Neurais de Convolução 2019},
	publisher = {Universidade Federal do Amazonas},
	year = {2019}
},

@inproceedings{lima:2016,
	title = {UM ROBUSTO RECONHECIMENTO FACIAL POR FILTRO DE GABOR CURVO E ENTROPIA},
	url = {https://revistas.unifacs.br/index.php/rsc/article/view/4419/2931},
	doi = {10.1109/CISP-BMEI.2016.7852721},
	urldate = {2020-03-21},
	publisher = {Revista de Sistemas e Computação},
	author = {Lima Júnior, Eucassio Gonçalves and  Silva, Luis Henrique and  Passarinho, Cornelia Janayna and Rabêlo, Ricardo de Andrade Lira},
	month = jan,
	year = {2016},
	pages = {80-89}
},

@article{scikit-learn,
	title={Scikit-learn: Machine Learning in {P}ython},
	author={Pedregosa, F. and Varoquaux, G. and Gramfort, A. and Michel, V.
	and Thirion, B. and Grisel, O. and Blondel, M. and Prettenhofer, P.
	and Weiss, R. and Dubourg, V. and Vanderplas, J. and Passos, A. and
	Cournapeau, D. and Brucher, M. and Perrot, M. and Duchesnay, E.},
	journal={Journal of Machine Learning Research},
	volume={12},
	pages={2825--2830},
	year={2011}
}
@incollection{murtaza:2019,
	isbn = {978-1-7281-0554-3},
	title = {Facial expression detection using Six Facial
	Expressions Hexagon (SFEH) model},
	url ={https://ieeexplore.ieee.org/document/8666602},
	urldate = {2020-03-24},
	author = { Murtaza,Marryam and Sharif, Muhammad and Yasmin, Musarrat Abdullah and Ahmad, Tanveer},
	booktitle = {Facial expression detection using Six Facial
	Expressions Hexagon (SFEH) model},
	publisher = {School of Engineering, Computer and Mathematical Sciences,
	Auckland University of Technology},
	year = {2019}
},
@inproceedings{piotto:2016,
	title = {Combining {SURF} descriptor and complex networks for face recognition},
	isbn = {978-1-5090-3710-0},
	url = {http://ieeexplore.ieee.org/document/7852721/},
	doi = {10.1109/CISP-BMEI.2016.7852721},
	urldate = {2020-03-21},
	booktitle = {2016 9th {International} {Congress} on {Image} and {Signal} {Processing}, {BioMedical} {Engineering} and {Informatics} ({CISP}-{BMEI})},
	publisher = {IEEE},
	author = {Piotto, Joao Gilberto S. and Lopes, Fabricio Martins},
	month = oct,
	year = {2016},
	pages = {275--279}
},
@inproceedings{hieida:2018,
	title = {Emotion Differentiation based on Decision-Making in Emotion Model},
	isbn = {978-1-5386-7979-1},
	url = {https://ieeexplore.ieee.org/document/8525579},
	doi = {10.1109/ROMAN.2018.8525579},
	urldate = {2020-05-23},
	booktitle = { 2018 27th IEEE International Symposium on Robot and Human Interactive Communication (RO-MAN)},
	publisher = {IEEE},
	author = {Hieida, Chie and Horii, Takato and Nagai Takayuki},
	month = nov,
	year = {2018},
	pages = {659-665}
},
@inproceedings{ray:2019,
	title = {A Quick Review of Machine Learning Algorithms},
	isbn = {978-1-7281-0211-5},
	url = {https://ieeexplore.ieee.org/document/8862451},
	doi = {10.1109/COMITCon.2019.8862451},
	urldate = {2020-03-22},
	booktitle = {2019 International Conference on Machine Learning, Big Data, Cloud and Parallel Computing (Com-IT-Con)},
	publisher = {IEEE},
	author = {Ray, Susmita},
	month = oct,
	year = {2019},
	pages = {35-39}
},

@Book{Barbosa2004,
  Title                    = {Testando a utiliza{\c c}\~ao de ``et al.''},
  Author                   = {Carlos Barbosa and {Maria da} Silva Cardoso and {Tenitos da} Silva and Carminda Soares},
  Publisher                = {Editora},
  Year                     = {2004},
  Address                  = {Cidade},
  Edition                  = {2},
  Page                     = {5},
  Timestamp                = {2014.09.24}
},

@Misc{BibTeX2014,
  Title                    = {BibTeX.org},
  Author                   = {BibTeX},
  Year                     = {2014},
  Timestamp                = {2014.09.27},
  Url                      = {http://www.bibtex.org},
  Urlaccessdate            = {31 de julho de 2014}
},

@Book{Buerger1989,
  Title                    = {LaTeX for scientists and engineers},
  Author                   = {Buerger, David John},
  Publisher                = {McGraw-Hill},
  Year                     = {1989},
  Address                  = {Singapura},
  Timestamp                = {2014.09.27}
}